%\begin{thebibliography}{00}
@inprocedings{park2011smooth,
	title={A smooth control law for graceful motion of differential wheeled mobile robots in 2D environment},
	author={Park, Jong Jin and Kuipers, Benjamin},
	booktitle={2011 IEEE International Conference on Robotics and Automation},
	pages={4896--4902},
	year={2011},
	organization={IEEE},
	url = {https://ieeexplore.ieee.org/stamp/stamp.jsp?tp=&arnumber=5980167}
}

@inprocedings{bonani2010marxbot,
	author={Bonani, Michael and Longchamp, Valentin and Magnenat, St{\'e}phane and R{\'e}tornaz, Philippe and Burnier, 
	Daniel and Roulet, Gilles and Vaussard, Florian and Bleuler, Hannes and Mondada, Francesco},
	title={The marXbot, a miniature mobile robot opening new perspectives for the collective-robotic research},
	booktitle={2010 IEEE/RSJ International Conference on Intelligent Robots and Systems},
	pages={4187--4193},
	year={2010},
	organization={IEEE},
	url={https://ieeexplore.ieee.org/stamp/stamp.jsp?tp=&arnumber=5649153}
}

@electronic{enki,
	author = {St√©phane, Magnenat and others},
	title = {Enki: A fast 2-D robot simulator},
	url = {https://github.com/enki-community/enki},
	year = {1999}
}


@electronic{pitch,
	author={Adorni, Giorgia and Cereda, Elia},
	title={Learning Relative Interactions Through Imitation},
	url={https://youtu.be/3HVONBpMMms},
	year={2020}
}

%\end{thebibliography}